% Hoang's Dissertation
% http://www.cs.ucsb.edu/~tvhoang/hviettung_research.pdf

% that nice, intuitive write up
% https://www.math.ucla.edu/~tdokos/notes_files/garbledCircuits.pdf

% Lindell proof of Yao security
% https://users-cs.au.dk/~stm/local-cache/yao.pdf

% http://www.alexirpan.com/2016/02/11/secure-computation.html

@incollection{LR14,
  title={Cut-and-choose Yao-based secure computation in the online/offline and batch settings},
  author={Lindell, Yehuda and Riva, Ben},
  booktitle={Advances in Cryptology--CRYPTO 2014},
  pages={476--494},
  year={2014},
  publisher={Springer}
}

@incollection{HKK14,
  title={Amortizing garbled circuits},
  author={Huang, Yan and Katz, Jonathan and Kolesnikov, Vladimir and Kumaresan, Ranjit and Malozemoff, Alex J},
  booktitle={Advances in Cryptology--CRYPTO 2014},
  pages={458--475},
  year={2014},
  publisher={Springer}
}

@incollection{Bea95,
  title={Precomputing oblivious transfer},
  author={Beaver, Donald},
  booktitle={Advances in Cryptology—CRYPT0’95},
  pages={97--109},
  year={1995},
  publisher={Springer}
}

@incollection{otextension,
  title={Extending oblivious transfers efficiently},
  author={Ishai, Yuval and Kilian, Joe and Nissim, Kobbi and Petrank, Erez},
  booktitle={Advances in Cryptology-CRYPTO 2003},
  pages={145--161},
  year={2003},
  publisher={Springer}
}

@Misc{mikes-video,
  author =   {Rosulek, Mike},
  title =    {A Brief History of Practical Garbled Circuit Optimizations},
  howpublished = {\url{https://www.youtube.com/watch?v=FTxh908u9y8}},
  month =    {June},
  day =          15,
  year =     2015
}

@incollection{flexor,
  title={FleXOR: Flexible garbling for XOR gates that beats free-XOR},
  author={Kolesnikov, Vladimir and Mohassel, Payman and Rosulek, Mike},
  booktitle={Advances in Cryptology--CRYPTO 2014},
  pages={440--457},
  year={2014},
  publisher={Springer}
}

@incollection{freexor,
  title={Improved garbled circuit: Free XOR gates and applications},
  author={Kolesnikov, Vladimir and Schneider, Thomas},
  booktitle={Automata, Languages and Programming},
  pages={486--498},
  year={2008},
  publisher={Springer}
}

@incollection{grr,
  title={Secure two-party computation is practical},
  author={Pinkas, Benny and Schneider, Thomas and Smart, Nigel P and Williams, Stephen C},
  booktitle={Advances in Cryptology--ASIACRYPT 2009},
  pages={250--267},
  year={2009},
  publisher={Springer}
}

@inproceedings{fairplay,
  title={Fairplay-Secure Two-Party Computation System.},
  author={Malkhi, Dahlia and Nisan, Noam and Pinkas, Benny and Sella, Yaron and others},
  booktitle={USENIX Security Symposium},
  volume={4},
  year={2004},
  organization={San Diego, CA, USA}
}

@inproceedings{bellare2013efficient,
    title={Efficient garbling from a fixed-key blockcipher},
    author={Bellare, Mihir and Hoang, Viet Tung and Keelveedhi, Sriram and Rogaway, Phillip},
    booktitle={IEEE Symposium of Security and Privacy},
    pages={478--492},
    year={2013}
}

@inproceedings{bellare2012foundations,
    title={Foundations of garbled circuits},
    author={Bellare, Mihir and Hoang, Viet Tung and Rogaway, Phillip},
    booktitle={Proceedings of the 2012 ACM Conference on Computer and Communications Security},
    pages={784--796},
    year={2012},
    organization={ACM}
}

@article{lindell2009,
    title={Secure multiparty computation for privacy-preserving data mining},
    author={Lindell, Yehuda and Pinkas, Benny},
    journal={Journal of Privacy and Confidentiality},
    volume={1},
    number={1},
    pages={5},
    year={2009}
}

@article{snyderyao,
    year="2013",
    title={Yao’s Garbled Circuits: Recent Directions and Implementations},
    author={Snyder, Peter}
    url={www.cs.uic.edu/pub/Bits/PeterSnyder/Peter_Snyder_-_Garbled_Circuits_WCP_2_column.pdf}
}

@Inbook{Boneh1998,
    author="Boneh, Dan",
    editor="Buhler, Joe P.",
    chapter="The Decision Diffie-Hellman problem",
    title="Algorithmic Number Theory: Third International Symposiun, ANTS-III Portland, Oregon, USA, June 21--25, 1998 Proceedings",
    year="1998",
    publisher="Springer Berlin Heidelberg",
    address="Berlin, Heidelberg",
    pages="48--63",
    isbn="978-3-540-69113-6",
    doi="10.1007/BFb0054851",
    url="http://dx.doi.org/10.1007/BFb0054851"
}

@misc{goldreich,
    title={Foundations of cryptography},
    author={Goldreich, Oded},
    year={1995},
    publisher={Weizmann Institute of Science}
    % TODO FINISH THIS CITATION
}

@book{katzlindelltextbook,
    Author = {Jonathan Katz and Yehuda Lindell},
    Title = {Introduction to Modern Cryptography: Principles and Protocols (Chapman \& Hall/CRC Cryptography and Network Security Series)},
    Publisher = {Chapman and Hall/CRC},
    Year = {2007},
    ISBN = {1584885513},
    URL = {http://www.amazon.com/Introduction-Modern-Cryptography-Principles-Protocols/dp/1584885513%3FSubscriptionId%3D0JYN1NVW651KCA56C102%26tag%3Dtechkie-20%26linkCode%3Dxm2%26camp%3D2025%26creative%3D165953%26creativeASIN%3D1584885513}
}

@inproceedings{GMW87,
    author = {Goldreich, O. and Micali, S. and Wigderson, A.},
    title = {How to Play ANY Mental Game},
    booktitle = {Proceedings of the Nineteenth Annual ACM Symposium on Theory of Computing},
    series = {STOC '87},
    year = {1987},
    isbn = {0-89791-221-7},
    location = {New York, New York, USA},
    pages = {218--229},
    numpages = {12},
    url = {http://doi.acm.org/10.1145/28395.28420},
    doi = {10.1145/28395.28420},
    acmid = {28420},
    publisher = {ACM},
    address = {New York, NY, USA},
} 

@incollection{twohalves,
    title={Two halves make a whole},
    author={Zahur, Samee and Rosulek, Mike and Evans, David},
    booktitle={Advances in Cryptology-EUROCRYPT 2015},
    pages={220--250},
    year={2015},
    publisher={Springer}
}

@inproceedings{justgarble,
    title={Efficient garbling from a fixed-key blockcipher},
    author={Bellare, Mihir and Hoang, Viet Tung and Keelveedhi, Sriram and Rogaway, Phillip},
    booktitle={Security and Privacy (SP), 2013 IEEE Symposium on},
    pages={478--492},
    year={2013},
    organization={IEEE}
}

@inproceedings{faster2pc,
    title={Faster Secure Two-Party Computation Using Garbled Circuits.},
    author={Huang, Yan and Evans, David and Katz, Jonathan and Malka, Lior},
    booktitle={USENIX Security Symposium},
    volume={201},
    number={1},
    year={2011}
}

@InProceedings{yao86,
  author =       "Andrew Chi-Chih Yao",
  title =        "How to Generate and Exchange Secrets (Extended Abstract)",
  pages =        "162--167",
  editor =       focs86ed,
  booktitle =    focs86name,
  address =      focs86addr,
  month =        focs86month,
  publisher =    focspub,
  year =         1986,
}

@inproceedings{blazing-fast,
    title={Blazing fast 2pc in the offline/online setting with security for malicious adversaries},
    author={Lindell, Yehuda and Riva, Ben},
    booktitle={Proceedings of the 22nd ACM SIGSAC Conference on Computer and Communications Security},
    pages={579--590},
    year={2015},
    organization={ACM}
}
